% This file was created with JabRef 2.9b2.
% Encoding: ISO8859_1

@online{bwllernen-endwertmethode,
  author  = {Betriebswirtschaft-lernen},
  title   = {Endwertmethode, o. D.,},
  year    = 2020,
  url     = {https://www.betriebswirtschaft-lernen.net/erklaerung/endwertmethode/},
  urldate = {2021-12-27}
}

@online{finanzen-vermoegensendwertmethode,
  author  = {Schneck, Ottmar},
  title   = {Lexikon der Betriebswirtschaft, München Dt Taschenbuch-Verl},
  year    = 2015,
  url     = {https://www.finanzen.net/wirtschaftslexikon/vermoegensendwertmethode},
  urldate = {2021-12-27}
}

@online{studyflix-endwertmethode,
  author  = {Studyflix},
  title   = {Endwertmethode},
  year    = 2021,
  url     = {https://studyflix.de/wirtschaft/endwertmethode-1033},
  urldate = {2021-12-27}
}

@online{wikipedia-eva,
  author = {Wikipedia},
  title = {Economic Value Added},
  year = {2021},
  url = {https://de.wikipedia.org/w/index.php?title=Economic_Value_Added&oldid=218536882},
  urladte = {2021-12-27}
}

@online{bwllexicon-eva,
  author  = {Bwl-Lexikon},
  title   = {Geschäftswertbeitrag / Economic Value Added},
  year    = {2021},
  url     = {https://www.bwl-lexikon.de/wiki/geschaeftswertbeitrag-economic-value-added/#was-solltest-du-ueber-den-geschaeftswertbeitrag-wissen},
  urladte = {2021-12-27}
}

